<record><leader>00000cas a22000007a 4500</leader><controlfield tag="001">21549652</controlfield><controlfield tag="008">900517d188018uumduuu ne      0    0eng d</controlfield><datafield ind1=" " ind2=" " tag="010"><subfield code="a">sn 90057132 </subfield></datafield><datafield ind1=" " ind2=" " tag="040"><subfield code="a">MFN</subfield><subfield code="b">eng</subfield><subfield code="c">MFN</subfield><subfield code="d">OCLCQ</subfield></datafield><datafield ind1=" " ind2=" " tag="042"><subfield code="a">msc</subfield></datafield><datafield ind1="0" ind2=" " tag="130"><subfield code="a">Occasional (Taneytown, Md.)</subfield></datafield><datafield ind1="1" ind2="4" tag="245"><subfield code="a">The occasional.</subfield></datafield><datafield ind1=" " ind2=" " tag="260"><subfield code="a">Taneytown [Md.] :</subfield><subfield code="b">O.E. Steiner &amp; L.D. Reid</subfield></datafield><datafield ind1=" " ind2=" " tag="300"><subfield code="a">v.</subfield></datafield><datafield ind1="0" ind2=" " tag="362"><subfield code="a">Vol. 1, no. 1 (Apr. 24, 1880)-</subfield></datafield><datafield ind1=" " ind2=" " tag="752"><subfield code="a">United States</subfield><subfield code="b">Maryland</subfield><subfield code="c">Carroll</subfield><subfield code="d">Taneytown.</subfield></datafield></record>